@manual{brat,
	title		= "brat rapid annotation tool",
	year		= "2014",
	note		= "\url{http://brat.nlplab.org/}",
}

@manual{hypothesis,
	title		= "Hypothes.is",
	year		= "2015",
	note		= "\url{http://hypothes.is/}",
}

@TechReport{oldKAT,
  author =       "Alex Dumitru and Deyan Ginev and Michael Kohlhase and Vlad Merticariu and Stefan Mirea and Tom Wiesing",
  title =        "{KAT: An Annotation Tool for STEM Documents}",
  institution =  "Jacobs University Bremen",
  month =        mar,
  year =         "2014",
}

@TechReport{stateOfTheArt,
  author =       "Alex Dumitru and Vlad Merticariu",
  title =        "Current Web State of Annotation Tools",
  institution =  "Jacobs University Bremen",
  month =        may,
  year =         "2015",
}