@misc{state-report,
  title="{Semantic Web and Knowledge Representation Project:Current Web State of Annotation Tools}",
  author="Alex Dumitru, Vlad Merticariu",
}